@PHDthesis{DCUref,
  author = {Kathy Walsh et al.},
  title = {Hearing Women’s Voices?: Exploring women’s underrepresentation in current affairs radio programming at peak listening times in Ireland},
  school = {DCU},
  year = {2015}
}
@inproceedings{galliano2009ester,
  title={The ester 2 evaluation campaign for the rich transcription of French radio broadcasts.},
  author={Galliano, Sylvain and Gravier, Guillaume and Chaubard, Laura},
  year={2009}
}
@techreport{rouvier2013open,
  title={An open-source state-of-the-art toolbox for broadcast news diarization},
  author={Rouvier, Mickael and Dupuy, Gr{\'e}gor and Gay, Paul and Khoury, Elie and Merlin, Teva and Meignier, Sylvain},
  year={2013},
  institution={Idiap}
}
@inproceedings{meignier2010lium,
  title={LIUM SpkDiarization: an open source toolkit for diarization},
  author={Meignier, Sylvain and Merlin, Teva},
  booktitle={CMU SPUD Workshop},
  volume={2010},
  year={2010}
}
@online{ortega2016albayzin,
  author = {Ortega, Alfonso and Vi\~{n}als, Ignacio and Miguel, Antonio and Lleida, Eduardo},
  title	= {The Albayzin 2016 Speaker Diarization Evaluation},
  year = {2016},
  url = {https://iberspeech2016.inesc-id.pt/index.php/albayzin-evaluation/}
}
@article{tranter2004speaker,
  author = {Tranter, S. E. and Reynolds, Douglas A.},
  title = {Speaker diarisation for broadcast news},
  journaltitle = {ODYS-2004, 337-344.},
  year = {2004}
}
@article{tranter2006overview,
  title={An overview of automatic speaker diarization systems},
  author={Tranter, Sue E and Reynolds, Douglas A},
  journal={IEEE Transactions on audio, speech, and language processing},
  volume={14},
  number={5},
  pages={1557--1565},
  year={2006},
  publisher={IEEE}
}
@inproceedings{johnson1999spoken,
  title={Spoken Document Retrieval for TREC-8 at Cambridge University.},
  author={Johnson, Sue E and Woodland, Philip C and Jones, Karen Sparck and Jourlin, P},
  booktitle={TREC},
  volume={2},
  number={3.1},
  pages={3--1},
  year={1999}
}
@inproceedings{bimbot1993text,
  title={Text-free speaker recognition using an arithmetic-harmonic sphericity measure},
  author={Bimbot, Frederic and Mathan, Luc},
  booktitle={Third European Conference on Speech Communication and Technology},
  year={1993}
}
@online{LIUMweb,
  author = {Sylvain Meignier et al.},
  title = {LIUM Speaker Diarizaition Wiki},
  year = {2013},
  url = {http://www-lium.univ-lemans.fr/diarization/doku.php/}
}
@inproceedings{alohab2016tavarez,
  title={Aholab Speaker Diarization System for Albayzin 2016 Evaluation Campaign},
  author={Tav\'{a}rez, David and Sarasola, Xabier and Navas, Eva and Serrano, Luis and Alonso, Agustin and Saratxaga, Ibon and Hernaez, Inma},
  booktitle={IberSPEECH 2016: Lisbon, Portugal Proceedings},
  year={2016}
}
@inproceedings{eurecom2016patino,
  title={EURECOM submission to the Albayzin 2016 Speaker Diarization Evaluation},
  author={Patino, Jose and Delgado, H\'{e}ctor and Evans, Nicholas and Anguera, Xavier},
  booktitle={IberSPEECH 2016: Lisbon, Portugal Proceedings},
  year={2016}
}
@misc{NIST2006web,
  author = {NIST},
  title = {Rich Transcription Spring 2006 Evaluation},
  url = {http://itl.nist.gov/iad/mig/tests/rt/2006-spring/index.html}
}
@misc{NIST2009web,
  title={Rich Transcription 2009 Evaluation},
  author={NIST},
  url={http://www.itl.nist.gov/iad/mig/tests/rt/2009/index.html}
}
